<record><leader>00000cas a2200000 a 4500</leader><controlfield tag="001">12193170</controlfield><controlfield tag="008">850624d18821899ksuwr ne      0    0eng d</controlfield><datafield ind1=" " ind2=" " tag="010"><subfield code="a">sn 85029379 </subfield></datafield><datafield ind1=" " ind2=" " tag="040"><subfield code="a">KSH</subfield><subfield code="b">eng</subfield><subfield code="c">KSH</subfield><subfield code="d">NPT</subfield><subfield code="d">OCL</subfield><subfield code="d">OCLCQ</subfield></datafield><datafield ind1=" " ind2=" " tag="042"><subfield code="a">msc</subfield></datafield><datafield ind1="0" ind2="4" tag="245"><subfield code="a">The Lyndon journal.</subfield></datafield><datafield ind1=" " ind2=" " tag="260"><subfield code="a">Lyndon, Kan. :</subfield><subfield code="b">G.W. Miller &amp; Sons,</subfield><subfield code="c">1882-1899.</subfield></datafield><datafield ind1=" " ind2=" " tag="300"><subfield code="a">17 v. :</subfield><subfield code="b">ill. ;</subfield><subfield code="c">59-64 cm.</subfield></datafield><datafield ind1=" " ind2=" " tag="310"><subfield code="a">Weekly</subfield></datafield><datafield ind1="0" ind2=" " tag="362"><subfield code="a">Vol. 7, whole no. 313 (Feb. 9, 1882)-v. 24, no. 39 (June 1, 1899).</subfield></datafield><datafield ind1=" " ind2=" " tag="500"><subfield code="a">Publisher varies.</subfield></datafield><datafield ind1=" " ind2=" " tag="500"><subfield code="a">Republican.</subfield></datafield><datafield ind1=" " ind2=" " tag="752"><subfield code="a">United States</subfield><subfield code="b">Kansas</subfield><subfield code="c">Osage</subfield><subfield code="d">Lyndon.</subfield></datafield><datafield ind1="0" ind2="0" tag="780"><subfield code="t">Kansas times</subfield><subfield code="w">(DLC)sn 85029371</subfield></datafield><datafield ind1="0" ind2="5" tag="780"><subfield code="t">Lyndon leader</subfield><subfield code="g">Jan. 11, 1883</subfield><subfield code="w">(DLC)sn 85029385</subfield></datafield><datafield ind1="0" ind2="4" tag="785"><subfield code="t">Current remark</subfield><subfield code="w">(DLC)sn 85029374</subfield></datafield></record>